@book{krohne2007psychologische,
  title={Psychologische Diagnostik: Grundlagen und Anwendungsfelder},
  author={Krohne, H.W. and Hock, M.},
  series={Kohlhammer Standards Psychologie},
  year={2007},
  publisher={Kohlhammer}
}

@book{hasselhornlernverlaufsdiagnostik,
  title={Lernverlaufsdiagnostik},
  author={Hasselhorn, M. and Schneider, W. and Trautwein, U.},
  series={Tests und Trends},
}

@book{lehmann2010lernstile,
  title={Lernstile als Grundlage adaptiver Lernsysteme in der Softwareschulung},
  author={Lehmann, R.},
  series={Medien in der Wissenschaft},
  year={2010},
  publisher={Waxmann}
}


